@inproceedings{AgarwalMPMMS13,
  booktitle    = {EuroSys},
  title        = {BlinkDB: queries with bounded errors and bounded
    response times on very large data},
  year         = 2013,
  author       = {Sameer Agarwal and Barzan Mozafari and Aurojit Panda
    and Henry Milner and Samuel Madden and Ion Stoica},
}
@inproceedings{DBLP:conf/case/MahlerKLSMKPWFAG14,
  booktitle    = {CASE},
  title        = {Learning accurate kinematic control of cable-driven
    surgical robots using data cleaning and Gaussian Process
    Regression},
  year         = 2014,
  url          = {http://dx.doi.org/10.1109/CoASE.2014.6899377},
  author       = {Jeffrey Mahler and Sanjay Krishnan and Michael
    Laskey and Siddarth Sen and Adithyavairavan Murali and Ben Kehoe
    and Sachin Patil and Jiannan Wang and Mike Franklin and Pieter
    Abbeel and Kenneth Y. Goldberg},
}
@inproceedings{DBLP:conf/cidr/SidirourgosKB11,
  booktitle    = {CIDR},
  title        = {SciBORQ: Scientific data management with Bounds On
    Runtime and Quality},
  year         = 2011,
  author       = {Lefteris Sidirourgos and Martin L. Kersten and Peter
    A. Boncz},
}
@inproceedings{DBLP:conf/eurosys/AgarwalMPMMS13,
  booktitle    = {EuroSys},
  title        = {{BlinkDB:} queries with bounded errors and bounded
    response times on very large data},
  year         = 2013,
  author       = {Sameer Agarwal and Barzan Mozafari and Aurojit Panda
    and Henry Milner and Samuel Madden and Ion Stoica},
}
@inproceedings{DBLP:conf/icde/JinGJA06,
  booktitle    = {ICDE},
  title        = {New Sampling-Based Estimators for OLAP Queries},
  year         = 2006,
  author       = {Ruoming Jin and Leonid Glimcher and Chris Jermaine
    and Gagan Agrawal},
}
@inproceedings{DBLP:conf/icde/OlkenR92,
  booktitle    = {ICDE},
  title        = {Maintenance of Materialized Views of Sampling
    Queries},
  year         = 1992,
  author       = {Frank Olken and Doron Rotem},
}
@inproceedings{DBLP:conf/kdd/BilenkoM03,
  booktitle    = {KDD},
  title        = {Adaptive duplicate detection using learnable string
    similarity measures},
  year         = 2003,
  author       = {Mikhail Bilenko and Raymond J. Mooney},
}
@inproceedings{DBLP:conf/kdd/KleinerTASJ13,
  booktitle    = {KDD},
  title        = {A general bootstrap performance diagnostic},
  year         = 2013,
  url          = {http://doi.acm.org/10.1145/2487575.2487650},
  author       = {Ariel Kleiner and Ameet Talwalkar and Sameer Agarwal
    and Ion Stoica and Michael I. Jordan},
}
@inproceedings{DBLP:conf/pervasive/JefferyAFHW06,
  booktitle    = {Pervasive Computing},
  title        = {Declarative Support for Sensor Data Cleaning},
  year         = 2006,
  author       = {Shawn R. Jeffery and Gustavo Alonso and Michael J.
    Franklin and Wei Hong and Jennifer Widom},
}
@inproceedings{DBLP:conf/pods/CharikarCMN00,
  booktitle    = {PODS},
  title        = {Towards Estimation Error Guarantees for Distinct
    Values},
  year         = 2000,
  url          = {http://doi.acm.org/10.1145/335168.335230},
  author       = {Moses Charikar and Surajit Chaudhuri and Rajeev
    Motwani and Vivek R. Narasayya},
}
@inproceedings{DBLP:conf/pods/Koch10,
  booktitle    = {PODS},
  title        = {Incremental query evaluation in a ring of databases},
  year         = 2010,
  url          = {http://doi.acm.org/10.1145/1807085.1807100},
  author       = {Christoph Koch},
}
@inproceedings{DBLP:conf/recsys/KrishnanPFG14,
  booktitle    = {RecSys},
  title        = {A methodology for learning, analyzing, and
    mitigating social influence bias in recommender systems},
  year         = 2014,
  url          = {http://doi.acm.org/10.1145/2645710.2645740},
  author       = {Sanjay Krishnan and Jay Patel and Michael J.
    Franklin and Ken Goldberg},
}
@inproceedings{DBLP:conf/sac/TrutaC07,
  booktitle    = {SAC},
  title        = {\emph{K}-anonymization incremental maintenance and
    optimization techniques},
  year         = 2007,
  url          = {http://doi.acm.org/10.1145/1244002.1244093},
  author       = {Traian Marius Truta and Alina Campan},
}
@inproceedings{DBLP:conf/sigmod/AcharyaGP00,
  booktitle    = {SIGMOD},
  title        = {Congressional Samples for Approximate Answering of
    Group-By Queries},
  year         = 2000,
  author       = {Swarup Acharya and Phillip B. Gibbons and Viswanath
    Poosala},
}
@inproceedings{DBLP:conf/sigmod/AcharyaGPR99,
  booktitle    = {SIGMOD},
  title        = {The Aqua Approximate Query Answering System},
  year         = 1999,
  author       = {Swarup Acharya and Phillip B. Gibbons and Viswanath
    Poosala and Sridhar Ramaswamy},
}
@inproceedings{DBLP:conf/sigmod/BabcockCD03,
  booktitle    = {SIGMOD},
  title        = {Dynamic Sample Selection for Approximate Query
    Processing},
  year         = 2003,
  author       = {Brian Babcock and Surajit Chaudhuri and Gautam Das},
}
@inproceedings{DBLP:conf/sigmod/BergmanMNT15,
  booktitle    = {SIGMOD},
  title        = {Query-Oriented Data Cleaning with Oracles},
  year         = 2015,
  url          = {http://doi.acm.org/10.1145/2723372.2737786},
  author       = {Moria Bergman and Tova Milo and Slava Novgorodov and
    Wang Chiew Tan},
}
@inproceedings{DBLP:conf/sigmod/ChalamallaIOP14,
  booktitle    = {SIGMOD},
  title        = {Descriptive and prescriptive data cleaning},
  year         = 2014,
  url          = {http://doi.acm.org/10.1145/2588555.2610520},
  author       = {Anup Chalamalla and Ihab F. Ilyas and Mourad Ouzzani
    and Paolo Papotti},
}
@inproceedings{DBLP:conf/sigmod/ColbyGLMT96,
  booktitle    = {SIGMOD},
  title        = {Algorithms for Deferred View Maintenance},
  year         = 1996,
  author       = {Latha S. Colby and Timothy Griffin and Leonid Libkin
    and Inderpal Singh Mumick and Howard Trickey},
}
@inproceedings{DBLP:conf/sigmod/CondieCAHGTES10,
  booktitle    = {SIGMOD},
  title        = {Online aggregation and continuous query support in
    MapReduce},
  year         = 2010,
  author       = {Tyson Condie and Neil Conway and Peter Alvaro and
    Joseph M. Hellerstein and John Gerth and Justin Talbot and Khaled
    Elmeleegy and Russell Sears},
}
@inproceedings{DBLP:conf/sigmod/DallachiesaEEEIOT13,
  booktitle    = {SIGMOD},
  title        = {NADEEF: a commodity data cleaning system},
  year         = 2013,
  author       = {Michele Dallachiesa and Amr Ebaid and Ahmed Eldawy
    and Ahmed K. Elmagarmid and Ihab F. Ilyas and Mourad Ouzzani and
    Nan Tang},
}
@inproceedings{DBLP:conf/sigmod/GokhaleDDNRSZ14,
  booktitle    = {SIGMOD},
  title        = {Corleone: hands-off crowdsourcing for entity
    matching},
  year         = 2014,
  url          = {http://doi.acm.org/10.1145/2588555.2588576},
  author       = {Chaitanya Gokhale and Sanjib Das and AnHai Doan and
    Jeffrey F. Naughton and Narasimhan Rampalli and Jude W. Shavlik
    and Xiaojin Zhu},
}
@inproceedings{DBLP:conf/sigmod/GriffinL95,
  booktitle    = {SIGMOD},
  title        = {Incremental Maintenance of Views with Duplicates},
  year         = 1995,
  url          = {http://doi.acm.org/10.1145/223784.223849},
  author       = {Timothy Griffin and Leonid Libkin},
}
@inproceedings{DBLP:conf/sigmod/HellersteinHW97,
  booktitle    = {SIGMOD},
  title        = {Online Aggregation},
  year         = 1997,
  author       = {Joseph M. Hellerstein and Peter J. Haas and Helen J.
    Wang},
}
@inproceedings{DBLP:conf/sigmod/JefferyFH08,
  booktitle    = {SIGMOD},
  title        = {Pay-as-you-go user feedback for dataspace systems},
  year         = 2008,
  author       = {Shawn R. Jeffery and Michael J. Franklin and Alon Y.
    Halevy},
}
@inproceedings{DBLP:conf/sigmod/MeliouGNS11,
  booktitle    = {SIGMOD},
  title        = {Tracing data errors with view-conditioned causality},
  year         = 2011,
  url          = {http://doi.acm.org/10.1145/1989323.1989376},
  author       = {Alexandra Meliou and Wolfgang Gatterbauer and Suman
    Nath and Dan Suciu},
}
@inproceedings{DBLP:conf/sigmod/WangLF12,
  booktitle    = {SIGMOD},
  title        = {Can we beat the prefix filtering?: an adaptive
    framework for similarity join and search},
  year         = 2012,
  author       = {Jiannan Wang and Guoliang Li and Jianhua Feng},
}
@inproceedings{DBLP:conf/sigmod/XinRZFSS13,
  booktitle    = {SIGMOD},
  title        = {Shark: SQL and rich analytics at scale},
  year         = 2013,
  author       = {Reynold S. Xin and Josh Rosen and Matei Zaharia and
    Michael J. Franklin and Scott Shenker and Ion Stoica},
}
@inproceedings{DBLP:conf/sigmod/ZengGMZ14,
  booktitle    = {SIGMOD},
  title        = {The analytical bootstrap: a new method for fast
    error estimation in approximate query processing},
  year         = 2014,
  url          = {http://doi.acm.org/10.1145/2588555.2588579},
  author       = {Kai Zeng and Shi Gao and Barzan Mozafari and Carlo
    Zaniolo},
}
@inproceedings{DBLP:conf/uist/GuoKHH11,
  booktitle    = {UIST},
  title        = {Proactive wrangling: mixed-initiative end-user
    programming of data transformation scripts},
  year         = 2011,
  url          = {http://doi.acm.org/10.1145/2047196.2047205},
  author       = {Philip J. Guo and Sean Kandel and Joseph M.
    Hellerstein and Jeffrey Heer},
}
@inproceedings{DBLP:conf/vldb/GalhardasFSSS01,
  booktitle    = {PVLDB},
  title        = {Declarative Data Cleaning: Language, Model, and
    Algorithms},
  year         = 2001,
  url          = {http://www.vldb.org/conf/2001/P371.pdf},
  author       = {Helena Galhardas and Daniela Florescu and Dennis
    Shasha and Eric Simon and Cristian{-}Augustin Saita},
}
@inproceedings{DBLP:conf/vldb/GarofalakisG01,
  booktitle    = {VLDB},
  title        = {Approximate Query Processing: Taming the TeraBytes},
  year         = 2001,
  author       = {Minos N. Garofalakis and Phillip B. Gibbons},
}
@inproceedings{DBLP:journals/cgf/LiuJH13,
  booktitle    = {Comput. Graph. Forum},
  title        = {\emph{imMens}: Real-time Visual Querying of Big Data},
  year         = 2013,
  url          = {http://dx.doi.org/10.1111/cgf.12129},
  author       = {Zhicheng Liu and Biye Jiang and Jeffrey Heer},
}
@inproceedings{DBLP:journals/ftdb/CormodeGHJ12,
  booktitle    = {Foundations and Trends in Databases},
  title        = {Synopses for Massive Data: Samples, Histograms,
    Wavelets, Sketches},
  year         = 2012,
  url          = {http://dx.doi.org/10.1561/1900000004},
  author       = {Graham Cormode and Minos N. Garofalakis and Peter J.
    Haas and Chris Jermaine},
}
@inproceedings{DBLP:journals/pvldb/0002M13,
  booktitle    = {VLDB},
  title        = {Scorpion: Explaining Away Outliers in Aggregate
    Queries},
  year         = 2013,
  url          = {http://www.vldb.org/pvldb/vol6/p553-wu.pdf},
  author       = {Eugene Wu and Samuel Madden},
}
@inproceedings{DBLP:journals/pvldb/CrottyGZBK15,
  booktitle    = {VLDB},
  title        = {Vizdom: Interactive Analytics through Pen and Touch},
  year         = 2015,
  url          = {http://www.vldb.org/pvldb/vol8/p2024-crotty.pdf},
  author       = {Andrew Crotty and Alex Galakatos and Emanuel
    Zgraggen and Carsten Binnig and Tim Kraska},
}
@inproceedings{DBLP:journals/pvldb/DongS13,
  booktitle    = {PVLDB},
  title        = {Big Data Integration},
  year         = 2013,
  author       = {Xin Luna Dong and Divesh Srivastava},
}
@inproceedings{DBLP:journals/pvldb/FanLMTY10,
  booktitle    = {PVLDB},
  title        = {Towards Certain Fixes with Editing Rules and Master
    Data},
  year         = 2010,
  author       = {Wenfei Fan and Jianzhong Li and Shuai Ma and Nan
    Tang and Wenyuan Yu},
}
@inproceedings{DBLP:journals/pvldb/HaasKWF015,
  booktitle    = {VLDB},
  title        = {Wisteria: Nurturing Scalable Data Cleaning
    Infrastructure},
  year         = 2015,
  url          = {http://www.vldb.org/pvldb/vol8/p2004-haas.pdf},
  author       = {Daniel Haas and Sanjay Krishnan and Jiannan Wang and
    Michael J. Franklin and Eugene Wu},
}
@inproceedings{DBLP:journals/pvldb/KopckeTR10,
  booktitle    = {PVLDB},
  title        = {Evaluation of entity resolution approaches on
    real-world match problems},
  year         = 2010,
  author       = {Hanna K{\"o}pcke and Andreas Thor and Erhard Rahm},
}
@inproceedings{DBLP:journals/pvldb/MankuM12,
  booktitle    = {VLDB},
  title        = {Approximate Frequency Counts over Data Streams},
  year         = 2012,
  url          = {http://vldb.org/pvldb/vol5/p1699_gurmeetsinghmanku_vldb2012.pdf},
  author       = {Gurmeet Singh Manku and Rajeev Motwani},
}
@inproceedings{DBLP:journals/pvldb/MelnikGLRSTV10,
  booktitle    = {PVLDB},
  title        = {Dremel: Interactive Analysis of Web-Scale Datasets},
  year         = 2010,
  author       = {Sergey Melnik and Andrey Gubarev and Jing Jing Long
    and Geoffrey Romer and Shiva Shivakumar and Matt Tolton and Theo
    Vassilakis},
}
@inproceedings{DBLP:journals/pvldb/MozafariSFJM14,
  booktitle    = {VLDB},
  title        = {Scaling Up Crowd-Sourcing to Very Large Datasets:
    {A} Case for Active Learning},
  year         = 2014,
  url          = {http://www.vldb.org/pvldb/vol8/p125-Mozafari.pdf},
  author       = {Barzan Mozafari and Purnamrita Sarkar and Michael J.
    Franklin and Michael I. Jordan and Samuel Madden},
}
@inproceedings{DBLP:journals/pvldb/NirkhiwaleDJ13,
  booktitle    = {VLDB},
  title        = {A Sampling Algebra for Aggregate Estimation},
  year         = 2013,
  url          = {http://www.vldb.org/pvldb/vol6/p1798-nirkhiwale.pdf},
  author       = {Supriya Nirkhiwale and Alin Dobra and Christopher M.
    Jermaine},
}
@inproceedings{DBLP:journals/pvldb/PansareBJC11,
  booktitle    = {PVLDB},
  title        = {Online Aggregation for Large MapReduce Jobs},
  year         = 2011,
  author       = {Niketan Pansare and Vinayak R. Borkar and Chris
    Jermaine and Tyson Condie},
}
@inproceedings{DBLP:journals/pvldb/WuJOT09,
  booktitle    = {PVLDB},
  title        = {Distributed Online Aggregation},
  year         = 2009,
  author       = {Sai Wu and Shouxu Jiang and Beng Chin Ooi and
    Kian-Lee Tan},
}
@inproceedings{DBLP:journals/pvldb/YakoutENOI11,
  booktitle    = {VLDB},
  title        = {Guided data repair},
  year         = 2011,
  url          = {http://portal.acm.org/citation.cfm?id=1952378&CFID=12591584&CFTOKEN=15173685},
  author       = {Mohamed Yakout and Ahmed K. Elmagarmid and Jennifer
    Neville and Mourad Ouzzani and Ihab F. Ilyas},
}
@inproceedings{DBLP:journals/tods/ChaudhuriDN07,
  booktitle    = {ACM Trans. Database Syst.},
  title        = {Optimized stratified sampling for approximate query
    processing},
  year         = 2007,
  author       = {Surajit Chaudhuri and Gautam Das and Vivek R.
    Narasayya},
}
@inproceedings{DBLP:journals/toms/Vitter85,
  booktitle    = {{ACM} Trans. Math. Softw.},
  title        = {Random Sampling with a Reservoir},
  year         = 1985,
  url          = {http://doi.acm.org/10.1145/3147.3165},
  author       = {Jeffrey Scott Vitter},
}
@inproceedings{DBLP:journals/vldb/CuiW03,
  booktitle    = {VLDBJ},
  title        = {Lineage tracing for general data warehouse
    transformations},
  year         = 2003,
  url          = {http://dx.doi.org/10.1007/s00778-002-0083-8},
  author       = {Yingwei Cui and Jennifer Widom},
}
@inproceedings{DBLP:journals/vldb/KochAKNNLS14,
  booktitle    = {VLDBJ},
  title        = {DBToaster: higher-order delta processing for
    dynamic, frequently fresh views},
  year         = 2014,
  url          = {http://dx.doi.org/10.1007/s00778-013-0348-4},
  author       = {Christoph Koch and Yanif Ahmad and Oliver Kennedy
    and Milos Nikolic and Andres N{\"{o}}tzli and Daniel Lupei and
    Amir Shaikhha},
}
@inproceedings{Gartner,
  booktitle    = {Information Management Journal},
  title        = {Gartner Warns Firms of 'Dirty Data'},
  year         = 2007,
  url          = {http://www.gartner.com/newsroom/id/501733},
  author       = {Swartz, N.},
}
@inproceedings{KrishnamurthyFDFGLT10,
  booktitle    = {SIGMOD},
  title        = {Continuous analytics over discontinuous streams},
  year         = 2010,
  author       = {Sailesh Krishnamurthy and Michael J. Franklin and
    Jeffrey Davis and Daniel Farina and Pasha Golovko and Alan Li and
    Neil Thombre},
}
@inproceedings{LarsonY85,
  booktitle    = {VLDB},
  title        = {Computing Queries from Derived Relations},
  year         = 1985,
  author       = {Per-{\AA}ke Larson and H. Z. Yang},
}
@inproceedings{OlkenR86,
  booktitle    = {VLDB},
  title        = {Simple Random Sampling from Relational Databases},
  year         = 1986,
  author       = {Frank Olken and Doron Rotem},
}
@inproceedings{abadi2003aurora,
  booktitle    = {VLDBJ},
  title        = {Aurora: a new model and architecture for data stream
    management},
  year         = 2003,
  author       = {Daniel J. Abadi and Donald Carney and Ugur
    \c{C}etintemel and Mitch Cherniack and Christian Convey and
    Sangdon Lee and Michael Stonebraker and Nesime Tatbul and Stanley
    B. Zdonik},
}

@inproceedings{agarwalknowing,
  booktitle    = {SIGMOD},
  title        = {Knowing when you're wrong: building fast and
    reliable approximate query processing systems},
  year         = 2014,
  author       = {Sameer Agarwal and Henry Milner and Ariel Kleiner
    and Ameet Talwalkar and Michael I. Jordan and Samuel Madden and
    Barzan Mozafari and Ion Stoica},
}
@inproceedings{agrawal2005database,
  booktitle    = {VLDB},
  title        = {Database Tuning Advisor for Microsoft SQL Server
    2005},
  year         = 2004,
  author       = {Sanjay Agrawal and Surajit Chaudhuri and Lubor
    Koll{\'a}r and Arunprasad P. Marathe and Vivek R. Narasayya and
    Manoj Syamala},
}
@inproceedings{alexandrov2014stratosphere,
  booktitle    = {VLDBJ},
  title        = {The Stratosphere platform for big data analytics},
  year         = 2014,
  url          = {http://dx.doi.org/10.1007/s00778-014-0357-y},
  author       = {Alexander Alexandrov and Rico Bergmann and Stephan
    Ewen and Johann{-}Christoph Freytag and Fabian Hueske and Arvid
    Heise and Odej Kao and Marcus Leich and Ulf Leser and Volker Markl
    and Felix Naumann and Mathias Peters and Astrid Rheinl{\"{a}}nder
    and Matthias J. Sax and Sebastian Schelter and Mareike H{\"{o}}ger
    and Kostas Tzoumas and Daniel Warneke},
}
@inproceedings{altowim2014progressive,
  booktitle    = {VLDB},
  title        = {Progressive Approach to Relational Entity Resolution},
  year         = 2014,
  url          = {http://www.vldb.org/pvldb/vol7/p999-altowim.pdf},
  author       = {Yasser Altowim and Dmitri V. Kalashnikov and Sharad
    Mehrotra},
}
@inproceedings{argonaut,
  booktitle    = {VLDB},
  title        = {Argonaut: Macrotask crowdsourcing for complex data
    processing},
  year         = 2015,
  author       = {Haas, Daniel and Ansel, Jason and Gu, Lydia and
    Marcus, Adam},
}
@inproceedings{armbrust2015spark,
  booktitle    = {SIGMOD},
  title        = {Spark {SQL:} Relational Data Processing in Spark},
  year         = 2015,
  url          = {http://doi.acm.org/10.1145/2723372.2742797},
  author       = {Michael Armbrust and Reynold S. Xin and Cheng Lian
    and Yin Huai and Davies Liu and Joseph K. Bradley and Xiangrui
    Meng and Tomer Kaftan and Michael J. Franklin and Ali Ghodsi and
    Matei Zaharia},
}
@inproceedings{babcock2002sampling,
  booktitle    = {SODA},
  title        = {Sampling from a moving window over streaming data},
  year         = 2002,
  author       = {Babcock, Brian and Datar, Mayur and Motwani, Rajeev},
}
@inproceedings{babcock2004load,
  booktitle    = {ICDE},
  title        = {Load Shedding for Aggregation Queries over Data
    Streams},
  year         = 2004,
  author       = {Brian Babcock and Mayur Datar and Rajeev Motwani},
}
@inproceedings{bailis2014scalable,
  booktitle    = {SIGMOD},
  title        = {Scalable atomic visibility with RAMP transactions},
  year         = 2014,
  author       = {Peter Bailis and Alan Fekete and Joseph M.
    Hellerstein and Ali Ghodsi and Ion Stoica},
}
@inproceedings{bertossi2013data,
  publisher    = {Springer},
  booktitle    = {Theory of Computing Systems},
  title        = {Data cleaning and query answering with matching
    dependencies and matching functions},
  year         = 2013,
  author       = {Bertossi, Leopoldo and Kolahi, Solmaz and
    Lakshmanan, Laks VS},
}
@inproceedings{bertsekas2011incremental,
  booktitle    = {CoRR},
  title        = {Incremental Gradient, Subgradient, and Proximal
    Methods for Convex Optimization: {A} Survey},
  year         = 2015,
  url          = {http://arxiv.org/abs/1507.01030},
  author       = {Dimitri P. Bertsekas},
}
@incollection{bottou2012stochastic,
  booktitle    = {Neural Networks: Tricks of the Trade},
  title        = {Stochastic Gradient Descent Tricks},
  year         = 2012,
  url          = {http://dx.doi.org/10.1007/978-3-642-35289-8_25},
  author       = {L{\'{e}}on Bottou},
}
@inproceedings{bruno2005flexible,
  booktitle    = {VLDB},
  title        = {Flexible Database Generators},
  year         = 2005,
  author       = {Nicolas Bruno and Surajit Chaudhuri},
}
@inproceedings{chaudhuri1999random,
  booktitle    = {SIGMOD},
  title        = {On random sampling over joins},
  year         = 1999,
  author       = {Chaudhuri, Surajit and Motwani, Rajeev and
    Narasayya, Vivek},
}
@inproceedings{chaudhuri2001overcoming,
  booktitle    = {ICDE},
  title        = {Overcoming Limitations of Sampling for Aggregation
    Queries},
  year         = 2001,
  author       = {Surajit Chaudhuri and Gautam Das and Mayur Datar and
    Rajeev Motwani and Vivek R. Narasayya},
}
@inproceedings{chen2014integrating,
  booktitle    = {KDD},
  title        = {Integrating spreadsheet data via accurate and
    low-effort extraction},
  year         = 2014,
  author       = {Chen, Zhe and Cafarella, Michael},
}
@inproceedings{chirkova2011materialized,
  booktitle    = {Foundations and Trends in Databases},
  title        = {Materialized Views},
  year         = 2012,
  author       = {Rada Chirkova and Jun Yang},
}
@inproceedings{chu2015katara,
  booktitle    = {SIGMOD},
  title        = {{KATARA:} {A} Data Cleaning System Powered by
    Knowledge Bases and Crowdsourcing},
  year         = 2015,
  url          = {http://doi.acm.org/10.1145/2723372.2749431},
  author       = {Xu Chu and John Morcos and Ihab F. Ilyas and Mourad
    Ouzzani and Paolo Papotti and Nan Tang and Yin Ye},
}
@inproceedings{clauset2009power,
  booktitle    = {SIAM Review},
  title        = {Power-Law Distributions in Empirical Data},
  year         = 2009,
  author       = {Aaron Clauset and Cosma Rohilla Shalizi and Mark E.
    J. Newman},
}
@inproceedings{crotty2014tupleware,
  booktitle    = {IEEE Data Eng. Bull.},
  title        = {Tupleware: Distributed Machine Learning on Small
    Clusters},
  year         = 2014,
  url          = {http://sites.computer.org/debull/A14sept/p63.pdf},
  author       = {Andrew Crotty and Alex Galakatos and Tim Kraska},
}
@inproceedings{crowdanalysis,
  booktitle    = {SIGCHI},
  title        = {Strategies for crowdsourcing social data analysis},
  year         = 2012,
  url          = {http://doi.acm.org/10.1145/2207676.2207709},
  author       = {Willett, Wesley and Heer, Jeffrey and Agrawala,
    Maneesh},
}
@inproceedings{cuzzocrea2006improving,
  booktitle    = {Data Knowl. Eng.},
  title        = {Improving range-sum query evaluation on data cubes
    via polynomial approximation},
  year         = 2006,
  author       = {Alfredo Cuzzocrea},
}
@inproceedings{dekel2012optimal,
  booktitle    = {JMLR},
  title        = {Optimal Distributed Online Prediction Using
    Mini-Batches},
  year         = 2012,
  url          = {http://dl.acm.org/citation.cfm?id=2188391},
  author       = {Ofer Dekel and Ran Gilad{-}Bachrach and Ohad Shamir
    and Lin Xiao},
}
@inproceedings{deshpande2004model,
  booktitle    = {VLDB},
  title        = {Model-Driven Data Acquisition in Sensor Networks},
  year         = 2004,
  url          = {http://www.vldb.org/conf/2004/RS16P1.PDF},
  author       = {Amol Deshpande and Carlos Guestrin and Samuel Madden
    and Joseph M. Hellerstein and Wei Hong},
}
@inproceedings{dobra2002processing,
  booktitle    = {SIGMOD},
  title        = {Processing complex aggregate queries over data
    streams},
  year         = 2002,
  author       = {Alin Dobra and Minos N. Garofalakis and Johannes
    Gehrke and Rajeev Rastogi},
}
@inproceedings{drineas2012fast,
  booktitle    = {JMLR},
  title        = {Fast approximation of matrix coherence and
    statistical leverage},
  year         = 2012,
  url          = {http://dl.acm.org/citation.cfm?id=2503352},
  author       = {Petros Drineas and Malik Magdon{-}Ismail and Michael
    W. Mahoney and David P. Woodruff},
}
@incollection{engstrom2002systematic,
  publisher    = {Springer},
  booktitle    = {EDBT},
  title        = {A systematic approach to selecting maintenance
    policies in a data warehouse environment},
  year         = 2002,
  author       = {Engstr{\"o}m, Henrik and Chakravarthy, Sharma and
    Lings, Brian},
}
@inproceedings{eracer,
  booktitle    = {SIGMOD},
  title        = {{ERACER:} a database approach for statistical
    inference and data cleaning},
  year         = 2010,
  url          = {http://doi.acm.org/10.1145/1807167.1807178},
  author       = {Chris Mayfield and Jennifer Neville and Sunil
    Prabhakar},
}
@inproceedings{fan2012foundations,
  publisher    = {Morgan \& Claypool Publishers},
  booktitle    = {Synthesis Lectures on Data Management},
  title        = {Foundations of Data Quality Management},
  year         = 2012,
  author       = {Fan, Wenfei and Geerts, Floris},
}
@inproceedings{feng2014robust,
  booktitle    = {NIPS},
  title        = {Robust Logistic Regression and Classification},
  year         = 2014,
  url          = {http://papers.nips.cc/paper/5515-robust-logistic-regression-and-classification},
  author       = {Jiashi Feng and Huan Xu and Shie Mannor and
    Shuicheng Yan},
}
@inproceedings{garofalakis2001approximate,
  booktitle    = {VLDB},
  title        = {Approximate Query Processing: Taming the TeraBytes},
  year         = 2001,
  author       = {Minos N. Garofalakis and Phillip B. Gibbons},
}
@inproceedings{ghanem2010supporting,
  publisher    = {ACM},
  booktitle    = {TODS},
  title        = {Supporting views in data stream management systems},
  year         = 2010,
  author       = {Ghanem, Thanaa M and Elmagarmid, Ahmed K and Larson,
    Per-{\AA}ke and Aref, Walid G},
}
@inproceedings{gibbons1997fast,
  booktitle    = {ACM Trans. Database Syst.},
  title        = {Fast incremental maintenance of approximate
    histograms},
  year         = 2002,
  author       = {Phillip B. Gibbons and Yossi Matias and Viswanath
    Poosala},
}
@inproceedings{gibbons1998new,
  booktitle    = {SIGMOD Record},
  title        = {New sampling-based summary statistics for improving
    approximate query answers},
  year         = 1998,
  author       = {Gibbons, Phillip B and Matias, Yossi},
}
@inproceedings{gokhale2014corleone,
  booktitle    = {SIGMOD},
  title        = {Corleone: Hands-off crowdsourcing for entity
    matching},
  year         = 2014,
  author       = {Gokhale, Chaitanya and Das, Sanjib and Doan, AnHai
    and Naughton, Jeffrey F and Rampalli, Narasimhan and Shavlik, Jude
    and Zhu, Xiaojin},
}
@inproceedings{golab2011consistency,
  booktitle    = {CIDR},
  title        = {Consistency in a Stream Warehouse},
  year         = 2011,
  author       = {Lukasz Golab and Theodore Johnson},
}
@inproceedings{golab2012scalable,
  booktitle    = {TKDE},
  title        = {Scalable Scheduling of Updates in Streaming Data
    Warehouses},
  year         = 2012,
  author       = {Lukasz Golab and Theodore Johnson and Vladislav
    Shkapenyuk},
}
@inproceedings{gray1997data,
  booktitle    = {Data Min. Knowl. Discov.},
  title        = {Data Cube: A Relational Aggregation Operator
    Generalizing Group-by, Cross-Tab, and Sub Totals},
  year         = 1997,
  author       = {Jim Gray and Surajit Chaudhuri and Adam Bosworth and
    Andrew Layman and Don Reichart and Murali Venkatrao and Frank
    Pellow and Hamid Pirahesh},
}
@inproceedings{greenwald2001space,
  booktitle    = {SIGMOD},
  title        = {Space-Efficient Online Computation of Quantile
    Summaries},
  year         = 2001,
  author       = {Michael Greenwald and Sanjeev Khanna},
}
@inproceedings{griffin1997improved,
  publisher    = {IEEE Computer Society},
  booktitle    = {TKDE},
  title        = {An improved algorithm for the incremental
    recomputation of active relational expressions},
  year         = 1997,
  author       = {Griffin, Timothy and Libkin, Leonid and Trickey,
    Howard},
}
@inproceedings{gruenheid2014incremental,
  booktitle    = {VLDB},
  title        = {Incremental Record Linkage},
  year         = 2014,
  url          = {http://www.vldb.org/pvldb/vol7/p697-gruenheid.pdf},
  author       = {Anja Gruenheid and Xin Luna Dong and Divesh
    Srivastava},
}
@inproceedings{grund2009vertical,
  booktitle    = {IE\&EM},
  title        = {Vertical partioning in insert-only scenarios for
    enterprise applications},
  year         = 2009,
  author       = {Grund, Martin and Krueger, Jens and Tinnefeld,
    Christian and Zeier, Alexander},
}
@inproceedings{guillory2009active,
  booktitle    = {AISTATS},
  title        = {Active learning as non-convex optimization},
  year         = 2009,
  author       = {Guillory, Andrew and Chastain, Erick and Bilmes,
    Jeff},
}
@inproceedings{gupta1995maintenance,
  booktitle    = {IEEE Data Eng. Bull.},
  title        = {Maintenance of Materialized Views: Problems,
    Techniques, and Applications},
  year         = 1995,
  author       = {Ashish Gupta and Inderpal Singh Mumick},
}
@inproceedings{gupta2006incremental,
  publisher    = {Elsevier},
  booktitle    = {Information Systems},
  title        = {Incremental maintenance of aggregate and outerjoin
    expressions},
  year         = 2006,
  author       = {Gupta, Himanshu and Mumick, Inderpal Singh},
}
@inproceedings{halevy2001answering,
  booktitle    = {VLDBJ},
  title        = {Answering queries using views: A survey},
  year         = 2001,
  author       = {Alon Y. Halevy},
}
@inproceedings{he2010comet,
  booktitle    = {SoCC},
  title        = {Comet: batched stream processing for data intensive
    distributed computing},
  year         = 2010,
  author       = {Bingsheng He and Mao Yang and Zhenyu Guo and Rishan
    Chen and Bing Su and Wei Lin and Lidong Zhou},
}
@inproceedings{heise2014estimating,
  booktitle    = {CIKM},
  title        = {Estimating the Number and Sizes of Fuzzy-Duplicate
    Clusters},
  year         = 2014,
  url          = {http://doi.acm.org/10.1145/2661829.2661885},
  author       = {Arvid Heise and Gjergji Kasneci and Felix Naumann},
}
@inproceedings{hellerstein2008quantitative,
  booktitle    = {UNECE},
  title        = {Quantitative data cleaning for large databases},
  year         = 2008,
  author       = {Hellerstein, Joseph M},
}
@inproceedings{hellerstein2012madlib,
  booktitle    = {VLDB},
  title        = {The MADlib Analytics Library or {MAD} Skills, the
    {SQL}},
  year         = 2012,
  url          = {http://vldb.org/pvldb/vol5/p1700_joehellerstein_vldb2012.pdf},
  author       = {Joseph M. Hellerstein and Christopher R{\'{e}} and
    Florian Schoppmann and Daisy Zhe Wang and Eugene Fratkin and
    Aleksander Gorajek and Kee Siong Ng and Caleb Welton and Xixuan
    Feng and Kun Li and Arun Kumar},
}
@inproceedings{hoeffding1948class,
  publisher    = {JSTOR},
  booktitle    = {The Annals of Mathematical Statistics},
  title        = {A class of statistics with asymptotically normal
    distribution},
  year         = 1948,
  author       = {Hoeffding, Wassily},
}
@inproceedings{jaggi2014communication,
  booktitle    = {NIPS},
  title        = {Communication-Efficient Distributed Dual Coordinate
    Ascent},
  year         = 2014,
  url          = {http://papers.nips.cc/paper/5599-communication-efficient-distributed-dual-coordinate-ascent},
  author       = {Martin Jaggi and Virginia Smith and Martin
    Tak{\'{a}}c and Jonathan Terhorst and Sanjay Krishnan and Thomas
    Hofmann and Michael I. Jordan},
}
@inproceedings{joshi2008materialized,
  booktitle    = {TKDE},
  title        = {Materialized Sample Views for Database Approximation},
  year         = 2008,
  author       = {Shantanu Joshi and Christopher M. Jermaine},
}
@inproceedings{kandel2011wrangler,
  booktitle    = {CHI},
  title        = {Wrangler: interactive visual specification of data
    transformation scripts},
  year         = 2011,
  author       = {Sean Kandel and Andreas Paepcke and Joseph
    Hellerstein and Jeffrey Heer},
}
@inproceedings{kandel2012,
  booktitle    = {TVCG},
  title        = {Enterprise Data Analysis and Visualization: An
    Interview Study},
  year         = 2012,
  url          = {http://doi.ieeecomputersociety.org/10.1109/TVCG.2012.219},
  author       = {Sean Kandel and Andreas Paepcke and Joseph M.
    Hellerstein and Jeffrey Heer},
}
@inproceedings{karger1997consistent,
  booktitle    = {STOC},
  title        = {Consistent hashing and random trees: Distributed
    caching protocols for relieving hot spots on the World Wide Web},
  year         = 1997,
  author       = {Karger, David and Lehman, Eric and Leighton, Tom and
    Panigrahy, Rina and Levine, Matthew and Lewin, Daniel},
}
@inproceedings{kraska2013mlbase,
  booktitle    = {CIDR},
  title        = {MLbase: {A} Distributed Machine-learning System},
  year         = 2013,
  url          = {http://www.cidrdb.org/cidr2013/Papers/CIDR13_Paper118.pdf},
  author       = {Tim Kraska and Ameet Talwalkar and John C. Duchi and
    Rean Griffith and Michael J. Franklin and Michael I. Jordan},
}
@inproceedings{krishnan2015svc,
  booktitle    = {VLDB},
  title        = {Stale View Cleaning: Getting Fresh Answers from
    Stale Materialized Views},
  year         = 2015,
  url          = {http://www.vldb.org/pvldb/vol8/p1370-krishnan.pdf},
  author       = {Sanjay Krishnan and Jiannan Wang and Michael J.
    Franklin and Ken Goldberg and Tim Kraska},
}
@inproceedings{larson2007cardinality,
  booktitle    = {SIGMOD},
  title        = {Cardinality estimation using sample views with
    quality assurance},
  year         = 2007,
  author       = {Larson, Per-Ake and Lehner, Wolfgang and Zhou,
    Jingren and Zabback, Peter},
}
@inproceedings{lefevre2014opportunistic,
  booktitle    = {SIGMOD},
  title        = {Opportunistic physical design for big data analytics},
  year         = 2014,
  author       = {Jeff LeFevre and Jagan Sankaranarayanan and Hakan
    Hacig{\"u}m{\"u}s and Jun'ichi Tatemura and Neoklis Polyzotis and
    Michael J. Carey},
}
@inproceedings{li2014improved,
  booktitle    = {Machine Learning and Cybernetics},
  title        = {An Improved Reject on Negative Impact Defense},
  year         = 2014,
  author       = {Li, Hongjiang and Chan, Patrick PK},
}
@inproceedings{liarou2012monetdb,
  booktitle    = {VLDB},
  title        = {{MonetDB/DataCell}: Online Analytics in a Streaming
    Column-Store},
  year         = 2012,
  author       = {Erietta Liarou and Stratos Idreos and Stefan
    Manegold and Martin L. Kersten},
}
@inproceedings{mayfield2010eracer,
  booktitle    = {SIGMOD},
  title        = {{ERACER:} a database approach for statistical
    inference and data cleaning},
  year         = 2010,
  url          = {http://doi.acm.org/10.1145/1807167.1807178},
  author       = {Chris Mayfield and Jennifer Neville and Sunil
    Prabhakar},
}
@inproceedings{mitzenmacher2004brief,
  booktitle    = {Internet Mathematics},
  title        = {A Brief History of Generative Models for Power Law
    and Lognormal Distributions},
  year         = 2003,
  author       = {Michael Mitzenmacher},
}
@inproceedings{nadeef,
  booktitle    = {VLDB},
  title        = {{NADEEF:} {A} Generalized Data Cleaning System},
  year         = 2013,
  url          = {http://www.vldb.org/pvldb/vol6/p1218-tang.pdf},
  author       = {Amr Ebaid and Ahmed K. Elmagarmid and Ihab F. Ilyas
    and Mourad Ouzzani and Jorge{-}Arnulfo Quian{\'{e}}{-}Ruiz and Nan
    Tang and Si Yin},
}
@inproceedings{nelson2012query,
  booktitle    = {JMLR},
  title        = {Query Strategies for Evading Convex-Inducing
    Classifiers},
  year         = 2012,
  url          = {http://dl.acm.org/citation.cfm?id=2343688},
  author       = {Blaine Nelson and Benjamin I. P. Rubinstein and Ling
    Huang and Anthony D. Joseph and Steven J. Lee and Satish Rao and
    J. D. Tygar},
}
@inproceedings{nikolic2014linview,
  booktitle    = {SIGMOD},
  title        = {LINVIEW: incremental view maintenance for complex
    analytical queries},
  year         = 2014,
  author       = {Milos Nikolic and Mohammed Elseidy and Christoph
    Koch},
}
@inproceedings{pan2010survey,
  publisher    = {IEEE},
  booktitle    = {TKDE},
  title        = {A survey on transfer learning},
  year         = 2010,
  author       = {Pan, Sinno Jialin and Yang, Qiang},
}
@inproceedings{papenbrock2015progressive,
  booktitle    = {TKDE},
  title        = {Progressive Duplicate Detection},
  year         = 2015,
  url          = {http://dx.doi.org/10.1109/TKDE.2014.2359666},
  author       = {Thorsten Papenbrock and Arvid Heise and Felix
    Naumann},
}
@inproceedings{park2014crowdfill,
  booktitle    = {SIGMOD},
  title        = {CrowdFill: collecting structured data from the crowd},
  year         = 2014,
  url          = {http://doi.acm.org/10.1145/2588555.2610503},
  author       = {Hyunjung Park and Jennifer Widom},
}
@inproceedings{percolator,
  booktitle    = {OSDI},
  title        = {Large-scale Incremental Processing Using Distributed
    Transactions and Notifications},
  year         = 2010,
  author       = {Daniel Peng and Frank Dabek},
}
@inproceedings{perez2014history,
  booktitle    = {ICDE},
  title        = {History-aware query optimization with materialized
    intermediate views},
  year         = 2014,
  author       = {Luis Leopoldo Perez and Christopher M. Jermaine},
}
@inproceedings{profiler,
  booktitle    = {AVI},
  title        = {Profiler: Integrated Statistical Analysis and
    Visualization for Data Quality Assessment},
  year         = 2012,
  url          = {http://vis.stanford.edu/papers/profiler},
  author       = {Sean Kandel AND Ravi Parikh AND Andreas Paepcke AND
    Joseph Hellerstein AND Jeffrey Heer},
}
@inproceedings{qu2014randomized,
  booktitle    = {Arxiv},
  title        = {Randomized dual coordinate ascent with arbitrary
    sampling},
  year         = 2014,
  author       = {Qu, Zheng and Richt{\'a}rik, Peter and Zhang, Tong},
}
@inproceedings{rabkin2014aggregation,
  booktitle    = {NSDI},
  title        = {Aggregation and Degradation in JetStream: Streaming
    analytics in the wide area},
  year         = 2014,
  author       = {Rabkin, Ariel and Arye, Matvey and Sen, Siddhartha
    and Pai, Vivek S and Freedman, Michael J},
}
@inproceedings{rahm2000data,
  booktitle    = {IEEE Data Eng. Bull.},
  title        = {Data Cleaning: Problems and Current Approaches},
  year         = 2000,
  author       = {Erhard Rahm and Hong Hai Do},
}
@inproceedings{rainbird,
  booktitle    = {Strata},
  title        = {Rainbird: Real-time analytics at Twitter},
  year         = 2011,
  author       = {Kevin Weil},
}
@inproceedings{ramanprogressive,
  booktitle    = {SIGMOD},
  title        = {Robust Query Processing through Progressive
    Optimization},
  year         = 2004,
  author       = {Volker Markl and Vijayshankar Raman and David E.
    Simmen and Guy M. Lohman and Hamid Pirahesh},
}
@inproceedings{re2007materialized,
  booktitle    = {VLDB},
  title        = {Materialized Views in Probabilistic Databases for
    Information Exchange and Query Optimization},
  year         = 2007,
  author       = {Christopher Re and Dan Suciu},
}
@inproceedings{samtani1999self,
  booktitle    = {CIKM},
  title        = {Self maintenance of multiple views in data
    warehousing},
  year         = 1999,
  author       = {Samtani, Sunil and Kumar, Vijay and Mohania, Mukesh},
}
@inproceedings{settles2010active,
  booktitle    = {University of Wisconsin, Madison},
  title        = {Active learning literature survey},
  year         = 2010,
  author       = {Settles, Burr},
}
@inproceedings{shuster1982nonparametric,
  publisher    = {Taylor \& Francis},
  booktitle    = {The American Statistician},
  title        = {Nonparametric optimality of the sample mean and
    sample variance},
  year         = 1982,
  author       = {Shuster, Jonathan J},
}
@inproceedings{simpson1951interpretation,
  publisher    = {JSTOR},
  booktitle    = {Journal of the Royal Statistical Society. Series B
    (Methodological)},
  title        = {The interpretation of interaction in contingency
    tables},
  year         = 1951,
  author       = {Simpson, Edward H},
}
@inproceedings{srinivasanC92,
  booktitle    = {SIGMOD},
  title        = {Compensation-Based On-Line Query Processing},
  year         = 1992,
  author       = {V. Srinivasan and Michael J. Carey},
}
@inproceedings{stonebraker2013data,
  booktitle    = {CIDR},
  title        = {Data Curation at Scale: The Data Tamer System.},
  year         = 2013,
  author       = {Stonebraker, Michael and Bruckner, Daniel and Ilyas,
    Ihab F and Beskales, George and Cherniack, Mitch and Zdonik,
    Stanley B and Pagan, Alexander and Xu, Shan},
}
@inproceedings{tatbul2003load,
  booktitle    = {VLDB},
  title        = {Load Shedding in a Data Stream Manager},
  year         = 2003,
  author       = {Nesime Tatbul and Ugur \c{C}etintemel and Stanley B.
    Zdonik and Mitch Cherniack and Michael Stonebraker},
}
@inproceedings{taylor1982introduction,
  booktitle    = {Univ. Sci. Books, Mill Valley, Calif},
  title        = {An Introduction to Error Analysis: The Study of
    Uncertainties in Physical Measurements, 327 pp},
  year         = 1982,
  author       = {Taylor, John R},
}
@inproceedings{thompson1933likelihood,
  publisher    = {JSTOR},
  booktitle    = {Biometrika},
  title        = {On the likelihood that one unknown probability
    exceeds another in view of the evidence of two samples},
  year         = 1933,
  author       = {Thompson, William R},
}
@inproceedings{van2008visualizing,
  booktitle    = {JMLR},
  title        = {Visualizing data using t-SNE},
  year         = 2008,
  author       = {Van der Maaten, Laurens and Hinton, Geoffrey},
}
@inproceedings{venkataraman2014power,
  booktitle    = {OSDI},
  title        = {The power of choice in data-aware cluster scheduling},
  year         = 2014,
  author       = {Venkataraman, Shivaram and Panda, Aurojit and
    Ananthanarayanan, Ganesh and Franklin, Michael J and Stoica, Ion},
}
@inproceedings{volkovs2014continuous,
  booktitle    = {ICDE},
  title        = {Continuous data cleaning},
  year         = 2014,
  url          = {http://dx.doi.org/10.1109/ICDE.2014.6816655},
  author       = {Maksims Volkovs and Fei Chiang and Jaroslaw Szlichta
    and Ren{\'{e}}e J. Miller},
}
@inproceedings{wainwright2012privacy,
  booktitle    = {NIPS},
  title        = {Privacy aware learning},
  year         = 2012,
  author       = {Wainwright, Martin J and Jordan, Michael I and
    Duchi, John C},
}
@inproceedings{wang1999sample,
  booktitle    = {SIGMOD},
  title        = {A sample-and-clean framework for fast and accurate
    query processing on dirty data},
  year         = 2014,
  author       = {Jiannan Wang and Sanjay Krishnan and Michael J.
    Franklin and Ken Goldberg and Tim Kraska and Tova Milo},
}
@inproceedings{wang2012crowder,
  booktitle    = {VLDB},
  title        = {CrowdER: Crowdsourcing Entity Resolution},
  year         = 2012,
  url          = {http://vldb.org/pvldb/vol5/p1483_jiannanwang_vldb2012.pdf},
  author       = {Jiannan Wang and Tim Kraska and Michael J. Franklin
    and Jianhua Feng},
}
@inproceedings{whang2014incremental,
  booktitle    = {VLDBJ},
  title        = {Incremental entity resolution on rules and data},
  year         = 2014,
  url          = {http://dx.doi.org/10.1007/s00778-013-0315-0},
  author       = {Steven Euijong Whang and Hector Garcia{-}Molina},
}
@inproceedings{wrangler,
  booktitle    = {CHI},
  title        = {Wrangler: interactive visual specification of data
    transformation scripts},
  year         = 2011,
  url          = {http://doi.acm.org/10.1145/1978942.1979444},
  author       = {Kandel, Sean and Paepcke, Andreas and Hellerstein,
    Joseph and Heer, Jeffrey},
}
@inproceedings{xiaofeature,
  booktitle    = {ICML},
  title        = {Is Feature Selection Secure against Training Data
    Poisoning?},
  year         = 2015,
  url          = {http://jmlr.org/proceedings/papers/v37/xiao15.html},
  author       = {Huang Xiao and Battista Biggio and Gavin Brown and
    Giorgio Fumera and Claudia Eckert and Fabio Roli},
}
@inproceedings{yakout2013don,
  author    = {Mohamed Yakout and
               Laure Berti{-}Equille and
               Ahmed K. Elmagarmid},
  title     = {Don't be SCAREd: use SCalable Automatic REpairing with maximal likelihood
               and bounded changes},
  booktitle = {SIGMOD},
  year      = {2013},
  crossref  = {DBLP:conf/sigmod/2013},
  url       = {http://doi.acm.org/10.1145/2463676.2463706},
  doi       = {10.1145/2463676.2463706},
  timestamp = {Wed, 26 Jun 2013 09:37:17 +0200},
  biburl    = {http://dblp.uni-trier.de/rec/bib/conf/sigmod/YakoutBE13},
  bibsource = {dblp computer science bibliography, http://dblp.org}
}

@article{DBLP:journals/pvldb/HaasKWF015,
  author    = {Daniel Haas and
               Sanjay Krishnan and
               Jiannan Wang and
               Michael J. Franklin and
               Eugene Wu},
  title     = {Wisteria: Nurturing Scalable Data Cleaning Infrastructure},
  journal   = {{PVLDB}},
  volume    = {8},
  number    = {12},
  year      = {2015},
  url       = {http://www.vldb.org/pvldb/vol8/p2004-haas.pdf},
  timestamp = {Fri, 14 Aug 2015 15:24:11 +0200},
  biburl    = {http://dblp.uni-trier.de/rec/bib/journals/pvldb/HaasKWF015},
  bibsource = {dblp computer science bibliography, http://dblp.org}
}

@article{DBLP:journals/debu/KrishnanWFGKM015,
  author    = {Sanjay Krishnan and
               Jiannan Wang and
               Michael J. Franklin and
               Ken Goldberg and
               Tim Kraska and
               Tova Milo and
               Eugene Wu},
  title     = {SampleClean: Fast and Reliable Analytics on Dirty Data},
  journal   = {{IEEE} Data Eng. Bull.},
  volume    = {38},
  number    = {3},
  pages     = {59--75},
  year      = {2015},
  url       = {http://sites.computer.org/debull/A15sept/p59.pdf},
  timestamp = {Sun, 21 Feb 2016 18:20:27 +0100},
  biburl    = {http://dblp.uni-trier.de/rec/bib/journals/debu/KrishnanWFGKM015},
  bibsource = {dblp computer science bibliography, http://dblp.org}
}
homebrowsesearchabout


@article{DBLP:journals/pvldb/MozafariSFJM14,
  author    = {Barzan Mozafari and
               Purnamrita Sarkar and
               Michael J. Franklin and
               Michael I. Jordan and
               Samuel Madden},
  title     = {Scaling Up Crowd-Sourcing to Very Large Datasets: {A} Case for Active
               Learning},
  journal   = {{PVLDB}},
  volume    = {8},
  number    = {2},
  year      = {2014},
  url       = {http://www.vldb.org/pvldb/vol8/p125-Mozafari.pdf},
  timestamp = {Sun, 12 Oct 2014 11:44:29 +0200},
  biburl    = {http://dblp.uni-trier.de/rec/bib/journals/pvldb/MozafariSFJM14},
  bibsource = {dblp computer science bibliography, http://dblp.org}
}

@inproceedings{heise2014estimating,
  author    = {Arvid Heise and
               Gjergji Kasneci and
               Felix Naumann},
  title     = {Estimating the Number and Sizes of Fuzzy-Duplicate Clusters},
  booktitle = {CIKM Conference},
  year      = {2014},
  crossref  = {DBLP:conf/cikm/2014},
  url       = {http://doi.acm.org/10.1145/2661829.2661885},
  doi       = {10.1145/2661829.2661885},
  timestamp = {Fri, 07 Nov 2014 12:38:01 +0100},
  biburl    = {http://dblp.uni-trier.de/rec/bib/conf/cikm/HeiseKN14},
  bibsource = {dblp computer science bibliography, http://dblp.org}
}

@article{papenbrock2015progressive,
  author    = {Thorsten Papenbrock and
               Arvid Heise and
               Felix Naumann},
  title     = {Progressive Duplicate Detection},
  journal   = {{IEEE} Trans. Knowl. Data Eng.},
  volume    = {27},
  number    = {5},
  year      = {2015},
  url       = {http://dx.doi.org/10.1109/TKDE.2014.2359666},
  doi       = {10.1109/TKDE.2014.2359666},
  timestamp = {Wed, 09 Sep 2015 09:50:36 +0200},
  biburl    = {http://dblp.uni-trier.de/rec/bib/journals/tkde/PapenbrockHN15},
  bibsource = {dblp computer science bibliography, http://dblp.org}
}

@book{dasu2003exploratory,
  title={Exploratory data mining and data cleaning},
  author={Dasu, Tamraparni and Johnson, Theodore},
  volume={479},
  year={2003},
  publisher={John Wiley \& Sons}
}

@misc{tensor,
  author    = {Google Inc.},
  title = {TensorFlow},
  howpublished = {\url{https://www.tensorflow.org/}}
}

@article{DBLP:journals/pvldb/CrottyGZBK15,
  author    = {Andrew Crotty and
               Alex Galakatos and
               Emanuel Zgraggen and
               Carsten Binnig and
               Tim Kraska},
  title     = {Vizdom: Interactive Analytics through Pen and Touch},
  journal   = {{PVLDB}},
  volume    = {8},
  number    = {12},
  pages     = {2024--2035},
  year      = {2015},
  url       = {http://www.vldb.org/pvldb/vol8/p2024-crotty.pdf},
  timestamp = {Fri, 14 Aug 2015 15:24:11 +0200},
  biburl    = {http://dblp.uni-trier.de/rec/bib/journals/pvldb/CrottyGZBK15},
  bibsource = {dblp computer science bibliography, http://dblp.org}
}

@misc{activecleanarxiv,
  author    = {Sanjay Krishnan and Jiannan Wang and Eugene Wu and Michael J. Franklin and Ken Goldberg},
  title = {ActiveClean: Interactive Data Cleaning While Learning Convex Loss Models},
  howpublished = {\url{http://arxiv.org/abs/1601.03797v1}}
}

@misc{pyspark,
  author    = {Python Spark},
  title = {PySpark},
  howpublished = {\url{https://spark.apache.org/docs/0.9.0/python-programming-guide.html}}
}

@article{van2008visualizing,
  title={Visualizing data using t-SNE},
  author={Van der Maaten, Laurens and Hinton, Geoffrey},
  journal={Journal of Machine Learning Research},
  volume={9},
  number={2579-2605},
  pages={85},
  year={2008}
}

@inproceedings{yakout2013don,
  author    = {Mohamed Yakout and
               Laure Berti{-}Equille and
               Ahmed K. Elmagarmid},
  title     = {Don't be SCAREd: use SCalable Automatic REpairing with maximal likelihood
               and bounded changes},
  booktitle    = {SIGMOD},
  title        = {Don't be SCAREd: use SCalable Automatic REpairing
    with maximal likelihood and bounded changes},
  year         = 2013,
  url          = {http://doi.acm.org/10.1145/2463676.2463706},
  author       = {Mohamed Yakout and Laure Berti{-}Equille and Ahmed
    K. Elmagarmid},
}

@inproceedings{zaharia2012discretized,
  booktitle    = {SOSP},
  title        = {Discretized streams: fault-tolerant streaming
    computation at scale},
  year         = 2013,
  author       = {Matei Zaharia and Tathagata Das and Haoyuan Li and
    Timothy Hunter and Scott Shenker and Ion Stoica},
}
@inproceedings{zaharia2012resilient,
  booktitle    = {NSDI},
  title        = {Resilient Distributed Datasets: A Fault-Tolerant
    Abstraction for In-Memory Cluster Computing},
  year         = 2012,
  author       = {Matei Zaharia and Mosharaf Chowdhury and Tathagata
    Das and Ankur Dave and Justin Ma and Murphy McCauly and Michael J.
    Franklin and Scott Shenker and Ion Stoica},
}
@inproceedings{zhang2014mat,
  booktitle    = {SIGMOD},
  title        = {Materialization optimizations for feature selection
    workloads},
  year         = 2014,
  author       = {Ce Zhang and Arun Kumar and Christopher R{\'e}},
}
@inproceedings{zhao2014stochastic,
  booktitle    = {ICML},
  title        = {Stochastic Optimization with Importance Sampling for
    Regularized Loss Minimization},
  year         = 2015,
  url          = {http://jmlr.org/proceedings/papers/v37/zhaoa15.html},
  author       = {Peilin Zhao and Tong Zhang},
}
@inproceedings{zhou2007lazy,
  booktitle    = {VLDB},
  title        = {Lazy Maintenance of Materialized Views},
  year         = 2007,
  author       = {Jingren Zhou and Per-{\AA}ke Larson and Hicham G.
    Elmongui},
} 
